@book{hasselblatt2003first,
  title={A first course in dynamics: with a panorama of recent developments},
  author={Hasselblatt, Boris and Katok, Anatole},
  year={2003},
  publisher={Cambridge University Press}
}
@article{tien1975period,
  title={Period three implies chaos},
  author={Tien-Yien, Li and Yorke, James A},
  journal={Am Math Monthly},
  volume={82},
  pages={985--992},
  year={1975}
}
@article{wolf1985determining,
  title={Determining Lyapunov exponents from a time series},
  author={Wolf, Alan and Swift, Jack B and Swinney, Harry L and Vastano, John A},
  journal={Physica D: Nonlinear Phenomena},
  volume={16},
  number={3},
  pages={285--317},
  year={1985},
  publisher={Elsevier}
}