@book{TeachSpin,
  title={Diode Laser Spectroscopy DLS1-A User's Manual},
  author={TeachSpin, Inc.}
}
@book{yang2000,
  title={原子物理学.第3版},
  author={杨福家},
  publisher={高等教育出版社},
  year={2000},
}
@book{chen2008,
  title={激光原理及应用.第2版},
  author={陈家璧 and 彭润玲},
  publisher={电子工业出版社},
  year={2008},
}
@book{butcher1990elements,
  title={The elements of nonlinear optics},
  author={Butcher, Paul N and Cotter, David},
  year={1990},
  publisher={Cambridge university press}
}
