@Misc{fonema.se,
howpublished = {[EB/OL]},
note = {\url{http://www.fonema.se/mouthcorr/mouthcorr.htm} Accessed October 29, 2018},
title = {End Correction at a Flue Pipe Mouth},
author = {Johan Liljencrants}
},
@article{wilkinson2016undergraduate,
  title={An undergraduate experiment demonstrating the physics of metamaterials with acoustic waves and soda cans},
  author={Wilkinson, James T and Whitehouse, Christopher B and Oulton, Rupert F and Gennaro, Sylvain D},
  journal={American Journal of Physics},
  volume={84},
  number={1},
  pages={14--20},
  year={2016},
  publisher={American Association of Physics Teachers}
}